% bibliography %

\begin{thebibliography}{9}

\bibitem{texbook}
Donald E. Knuth (1986) \emph{The \TeX{} Book}, Addison-Wesley Professional.

\bibitem{lamport94}
Leslie Lamport (1994) \emph{\LaTeX: a document preparation system}, Addison Wesley, Massachusetts, 2nd ed.



@misc{BeastAttack,
  title        = {How the BEAST attack works},
  author       = {invicti, Zbigniew Banach},
  year         = 2024,
  note         = {\url{https://www.invicti.com/blog/web-security/how-the-beast-attack-works/} [Zugriff am: 2025-07-06]}
}

\end{thebibliography}